@book{Knuth1998,
 author = {Knuth, Donald E.},
 title = {The art of computer programming,  volume 3: (2nd ed.) sorting and searching},
 year = {1998},
 publisher = {Addison Wesley Longman Publishing Co., Inc.},
 address = {Redwood City, CA, USA}
}

@book{Pollefliet2011,
  author = {Pollefliet, Leen},
  title = {Schrijven van verslag tot eindwerk: do's en don'ts},
  year = {2011},
  publisher = {Academia Press},
  address = {Gent}
}

@article{Creeger2009,
  author = {Creeger, Mache},
  journal = {Communications of the ACM},
  number = {8},
  pages = {50--56},
  title = {{CTO Roundtable: Cloud Computing}},
  volume = {52},
  year = {2009}
}

@Electronic{Zaidman2018,
  author   = {Vitali Zaidman},
  month    = feb,
  year     = {2018},
  title    = {An Overview of JavaScript Testing in 2018},
  language = {English},
  url      = {https://medium.com/welldone-software/an-overview-of-javascript-testing-in-2018-f68950900bc3},
}

@Electronic{Elliott2016,
  author   = {Eric Elliott},
  month    = apr,
  year     = {2016},
  title    = {JavaScript Testing: Unit Vs Functional Vs Integration Tests},
  language = {English},
  url      = {https://www.sitepoint.com/javascript-testing-unit-functional-integration/},
}

@Electronic{Zilberfeld2013,
  author   = {Gil Zilberfeld},
  month    = oct,
  year     = {2013},
  title    = {Why you need unit testing in web development},
  language = {English},
  url      = {https://www.creativebloq.com/web-design/testing-times-10134991},
}

@Electronic{Reselman2017,
  author   = {Bob Reselman},
  month    = dec,
  year     = {2017},
  title    = {The Fundamentals of Integration Testing},
  language = {English},
  url      = {https://www.mabl.com/blog/the-fundamentals-of-integration-testing},
}

@Electronic{VirtualBox,
  author   = {Oracle},
  year     = {2018},
  title    = {Oracle VM VirtualBox (5.2.16)},
  url      = {https://www.virtualbox.org/},
}

@Electronic{LinuxMint,
  author   = {Linux Mint},
  year     = {2018},
  title    = {Linux Mint 19 (64-bit Cinnamon editite)},
  url      = {https://linuxmint.com/},
}

@Electronic{Sanders2006,
  author   = {Chris Sanders},
  month    = aug,
  year     = {2006},
  title    = {Fixed Size vs. Dynamically Expanding Virtual Hard Disks},
  url      = {http://techgenix.com/fixedsizevs-dynamicallyexpandingvirtualharddisks/},
}

@Electronic{Leslie2018,
  author   = {Alexandra Leslie},
  month    = may,
  year     = {2018},
  title    = {NGINX vs. Apache (Pro Con Review, Uses, Hosting for Each},
  language = {English},
  url      = {https://www.hostingadvice.com/how-to/nginx-vs-apache/},
}

@Electronic{RDBMS,
  title    = {What is a Relational Database Management System?},
  language = {English},
  url      = {https://www.codecademy.com/articles/what-is-rdbms-sql},
}

@Electronic{Taranto2017,
  author   = {Thiago Taranto},
  month    = feb,
  year     = {2017},
  title    = {AWS RDS benchmark—MariaDB vs MySQL},
  language = {English},
  url      = {https://medium.com/@ttaranto/aws-rds-benchmark-mariadb-vs-mysql-47af70602bb8},
}

@Electronic{Lindstrom2014,
  author   ={Jan Lindstrom},
  month	   = aug,
  year	   = {2014},
  title	   = {Performance evaluation of MariaDB 10.1 and MySQL 5.7.4},
  language = {English},
  url	   = {https://mariadb.org/performance-evaluation-of-mariadb-10-1-and-mysql-5-7-4-labs-tplc},
}
@Electronic{Ramael2015,
  author   = {Jonathan Ramael},
  month    = nov,
  year     = {2015},
  title    = {HET VERSCHIL: DRUPAL 7 VS DRUPAL 8},
  url      = {https://dropsolid.com/nl/blog/het-verschil-drupal-7-vs-drupal-8},
}

@Electronic{Guckenheimer2017,
  author   = {Sam Guckenheimer},
  month    = apr,
  year     = {2017},
  title    = {What is Continuous Integration?},
  url      = {https://docs.microsoft.com/en-us/azure/devops/what-is-continuous-integration},
}

@Electronic{Leslie2018,
  author   = {Alexandra Leslie},
  month    = may,
  year     = {2018},
  title    = {NGINX vs. Apache (Pro Con Review, Uses, Hosting for Each},
  language = {English},
  url      = {https://www.hostingadvice.com/how-to/nginx-vs-apache/},
}

@Electronic{Bobbeldijk2013,
  author   = {Jeroen Bobbeldijk},
  month    = nov,
  year     = {2013},
  title    = {Paragraphs},
  language = {English},
  url      = {https://www.drupal.org/project/paragraphs},
}

@Electronic{Tool2004,
  year     = {2004},
  title    = {A Dictionary of Computing, Software Tool},
  language = {English},
  url      = {https://www.encyclopedia.com/computing/dictionaries-thesauruses-pictures-and-press-releases/software-tool},
}
@Electronic{Framework,
  title    = {Software Framework},
  language = {English},
  url      = {https://www.techopedia.com/definition/14384/software-framework},
}
@Electronic{Library,
  title    = {Software Library},
  language = {English},
  url      = {https://www.techopedia.com/definition/3828/software-library},
}
@Electronic{Tuil2011,
  author   = {Kristian van Tuil},
  month    = jun,
  year     = {2011},
  title    = {Wat is een API?},
  url      = {https://computerworld.nl/development/74796-wat-is-een-api},
}
@Electronic{Fowler2007,
  author   = {Martin Fowler},
  month    = jan,
  year     = {2007},
  title    = {Mocks Aren't Stubs},
  url      = {https://martinfowler.com/articles/mocksArentStubs.html},
}
@Electronic{Testcafe,
  month    = aug,
  year     = {2018},
  title    = {TestCafé (v0.21.0)},
  url      = {http://devexpress.github.io/testcafe/},
}
@Electronic{Fisher2018,
  author   = {Tim Fisher},
  month    = apr,
  year     = {2018},
  title    = {Central Processing Unit (CPU)},
  url      = {https://www.lifewire.com/what-is-a-cpu-2618150},
}
@Comment{jabref-meta: databaseType:bibtex;}