% Encoding: windows-1252

@Electronic{Elliott2016,
  author   = {Eric Elliott},
  month    = apr,
  year     = {2016},
  title    = {JavaScript Testing: Unit Vs Functional Vs Integration Tests},
  language = {English},
  url      = {https://www.sitepoint.com/javascript-testing-unit-functional-integration/},
}

@Electronic{Zaidman2018,
  author   = {Vitali Zaidman},
  month    = feb,
  year     = {2018},
  title    = {An Overview of JavaScript Testing in 2018},
  language = {English},
  url      = {https://medium.com/welldone-software/an-overview-of-javascript-testing-in-2018-f68950900bc3},
}

@Electronic{Jackson2017,
  author   = {Brian Jackson},
  month    = jun,
  year     = {2017},
  title    = {Top 12 Browser Compatibility Testing Tools},
  language = {English},
  url      = {https://www.keycdn.com/blog/browser-compatibility-testing-tools/},
}

@Comment{jabref-meta: databaseType:bibtex;}
